<record><leader>00000cas a2200000 a 4500</leader><controlfield tag="001">11713320</controlfield><controlfield tag="008">850220d18921911ksuwr ne      0   a0eng d</controlfield><datafield ind1=" " ind2=" " tag="010"><subfield code="a">sn 85030091 </subfield></datafield><datafield ind1=" " ind2=" " tag="040"><subfield code="a">KSH</subfield><subfield code="b">eng</subfield><subfield code="c">KSH</subfield><subfield code="d">NPT</subfield><subfield code="d">OCL</subfield><subfield code="d">OCLCQ</subfield></datafield><datafield ind1=" " ind2=" " tag="042"><subfield code="a">msc</subfield></datafield><datafield ind1="0" ind2=" " tag="130"><subfield code="a">Dighton herald (Dighton, Kan. : 1892)</subfield></datafield><datafield ind1="1" ind2="4" tag="245"><subfield code="a">The Dighton herald.</subfield></datafield><datafield ind1=" " ind2=" " tag="260"><subfield code="a">Dighton, Kan. :</subfield><subfield code="b">[s.n.],</subfield><subfield code="c">1892-1911.</subfield></datafield><datafield ind1=" " ind2=" " tag="300"><subfield code="a">19 v. :</subfield><subfield code="b">ill. ;</subfield><subfield code="c">49-63 cm.</subfield></datafield><datafield ind1=" " ind2=" " tag="310"><subfield code="a">Weekly</subfield></datafield><datafield ind1="0" ind2=" " tag="362"><subfield code="a">Vol. 7, no. 51 (Apr. 28, 1892)-v. 26, no. 11 (June 8, 1911).</subfield></datafield><datafield ind1=" " ind2=" " tag="500"><subfield code="a">Published by: Herald Printing Co., Apr. 7, 1898-Jan. 4, 1900; W.H. Lee &amp; Son, Jan. 11, 1900-Jan. 8, 1903; Edward E. Lee, Jan. 15, 1903-June 18, 1908.</subfield></datafield><datafield ind1=" " ind2=" " tag="525"><subfield code="a">Supplements included.</subfield></datafield><datafield ind1=" " ind2=" " tag="752"><subfield code="a">United States</subfield><subfield code="b">Kansas</subfield><subfield code="c">Lane</subfield><subfield code="d">Dighton.</subfield></datafield><datafield ind1="0" ind2="0" tag="780"><subfield code="t">Lane County herald</subfield><subfield code="w">(DLC)sn 85030090</subfield></datafield><datafield ind1="0" ind2="7" tag="785"><subfield code="t">Lane County journal</subfield><subfield code="w">(DLC)sn 85030093</subfield></datafield><datafield ind1="0" ind2="7" tag="785"><subfield code="t">Journal-herald (Dighton, Kan.)</subfield><subfield code="w">(DLC)sn 85030092</subfield></datafield></record>